<record><leader>00000cas a22000007a 4500</leader><controlfield tag="001">794292043</controlfield><controlfield tag="006">m     o  d        </controlfield><controlfield tag="007">cr |||||||||||</controlfield><controlfield tag="008">120525d186518uuscuwr neo     |   a0eng  </controlfield><datafield ind1=" " ind2=" " tag="010"><subfield code="a">  2012203298</subfield></datafield><datafield ind1=" " ind2=" " tag="040"><subfield code="a">CRL</subfield><subfield code="b">eng</subfield><subfield code="c">CRL</subfield><subfield code="d">CRL</subfield><subfield code="d">Z5A</subfield><subfield code="d">DLC</subfield><subfield code="d">OCLCQ</subfield><subfield code="d">DLC</subfield><subfield code="d">OCLCF</subfield><subfield code="d">CRL</subfield><subfield code="d">OCLCQ</subfield></datafield><datafield ind1=" " ind2=" " tag="019"><subfield code="a">778033313</subfield></datafield><datafield ind1="0" ind2=" " tag="022"><subfield code="a">2169-4621</subfield><subfield code="2">1</subfield></datafield><datafield ind1=" " ind2=" " tag="042"><subfield code="a">pcc</subfield><subfield code="a">nsdp</subfield></datafield><datafield ind1=" " ind2=" " tag="043"><subfield code="a">n-us-sc</subfield></datafield><datafield ind1="1" ind2="0" tag="050"><subfield code="a">ISSN RECORD</subfield></datafield><datafield ind1="0" ind2="0" tag="082"><subfield code="a">071</subfield><subfield code="2">23</subfield></datafield><datafield ind1="0" ind2=" " tag="130"><subfield code="a">South Carolina leader (Online)</subfield></datafield><datafield ind1=" " ind2="0" tag="222"><subfield code="a">South Carolina leader</subfield><subfield code="b">(Online)</subfield></datafield><datafield ind1="1" ind2="0" tag="245"><subfield code="a">South Carolina leader.</subfield></datafield><datafield ind1=" " ind2=" " tag="260"><subfield code="a">Charleston, S.C. :</subfield><subfield code="b">T. Hurley &amp; Co.,</subfield><subfield code="c">1865-</subfield></datafield><datafield ind1=" " ind2=" " tag="310"><subfield code="a">Weekly</subfield></datafield><datafield ind1=" " ind2=" " tag="336"><subfield code="a">text</subfield><subfield code="b">txt</subfield><subfield code="2">rdacontent</subfield></datafield><datafield ind1=" " ind2=" " tag="337"><subfield code="a">computer</subfield><subfield code="b">c</subfield><subfield code="2">rdamedia</subfield></datafield><datafield ind1=" " ind2=" " tag="338"><subfield code="a">online resource</subfield><subfield code="b">cr</subfield><subfield code="2">rdacarrier</subfield></datafield><datafield ind1="1" ind2=" " tag="362"><subfield code="a">Began with vol. 1, no. 1 (Oct. 7, 1865).</subfield></datafield><datafield ind1=" " ind2=" " tag="530"><subfield code="a">Also issued in print.</subfield></datafield><datafield ind1=" " ind2=" " tag="538"><subfield code="a">Mode of access: World Wide Web.</subfield></datafield><datafield ind1=" " ind2=" " tag="588"><subfield code="a">Description based on print version record.</subfield></datafield><datafield ind1=" " ind2=" " tag="588"><subfield code="a">Latest issue consulted: Vol. 1, no. 2 (Mar. 23, 1867) (Chroniclingamerica.loc.gov, viewed Aug. 29, 2012).</subfield></datafield><datafield ind1=" " ind2="0" tag="650"><subfield code="a">African Americans</subfield><subfield code="z">South Carolina</subfield><subfield code="v">Newspapers.</subfield></datafield><datafield ind1=" " ind2="0" tag="651"><subfield code="a">Charleston (S.C.)</subfield><subfield code="v">Newspapers.</subfield></datafield><datafield ind1=" " ind2="7" tag="650"><subfield code="a">African Americans.</subfield><subfield code="2">fast</subfield><subfield code="0">(OCoLC)fst00799558</subfield></datafield><datafield ind1=" " ind2="7" tag="651"><subfield code="a">South Carolina.</subfield><subfield code="2">fast</subfield><subfield code="0">(OCoLC)fst01204600</subfield></datafield><datafield ind1=" " ind2="7" tag="651"><subfield code="a">South Carolina</subfield><subfield code="z">Charleston.</subfield><subfield code="2">fast</subfield><subfield code="0">(OCoLC)fst01204603</subfield></datafield><datafield ind1=" " ind2="7" tag="655"><subfield code="a">Newspapers.</subfield><subfield code="2">fast</subfield><subfield code="0">(OCoLC)fst01423814</subfield></datafield><datafield ind1=" " ind2=" " tag="752"><subfield code="a">United States</subfield><subfield code="b">South Carolina</subfield><subfield code="c">Charleston</subfield><subfield code="d">Charleston.</subfield></datafield><datafield ind1="0" ind2="8" tag="776"><subfield code="i">Print version:</subfield><subfield code="t">South Carolina leader</subfield><subfield code="x">2166-1693</subfield><subfield code="w">(DLC)sn 83025783</subfield><subfield code="w">(OCoLC)9798897</subfield></datafield><datafield ind1="0" ind2="0" tag="785"><subfield code="t">Missionary record (Charleston, S.C. : Online)</subfield><subfield code="w">(OCoLC)778032530</subfield></datafield><datafield ind1="4" ind2="0" tag="856"><subfield code="3">Center for Research Libraries: Oct 7, 21, Nov 25, Dec 1865; Mar 31, May 12, 1866</subfield><subfield code="u">https://dds.crl.edu/crldelivery/19128</subfield><subfield code="z">Center for Research Libraries: Oct 7, 21, Nov 25, Dec 1865; Mar 31, May 12, 1866</subfield></datafield><datafield ind1="4" ind2="0" tag="856"><subfield code="u">http://www.loc.gov/chroniclingamerica/lccn/sn83025783/issues</subfield><subfield code="z">Chronicling America</subfield></datafield><datafield ind1="1" ind2=" " tag="029"><subfield code="a">NZ1</subfield><subfield code="b">14143719</subfield></datafield><datafield ind1="1" ind2=" " tag="029"><subfield code="a">NZ1</subfield><subfield code="b">15698012</subfield></datafield><datafield ind1="1" ind2=" " tag="029"><subfield code="a">NZ1</subfield><subfield code="b">16035586</subfield></datafield></record>